

@misc{google-speech-to-text,
          author={Google},
          title={Speech-to-text: Automatic speech recognition},
          url={https://cloud.google.com/speech-to-text},
          journal={Google},
          publisher={Google},
          note = {Accessed 21-Jan-2022},}
Google: Speech To Text API https://cloud.google.com/speech-to-text
 @misc{amazontranscribe,
	author = {Amazon},
	title = {Amazon Transcribe â€“ Speech to Text},
	howpublished = {\url{https://aws.amazon.com/transcribe/}},
	year = {},
	note = {Accessed 22-Jan-2022},
}
 @misc{cmu-sphinx,
  author={CMU},
  title={CMU-Sphinx},
  howpublished={\url{http://www.speech.cs.cmu.edu/sphinx/doc/Sphinx.html}},
  year={},
  note = {Accessed 21-Jan-2022},
 }
@misc{ibmWatsonOverview,
	author = {IBM},
	title = {IBM Watson Speech-to-text},
	howpublished = {\url{https://www.ibm.com/in-en/cloud/watson-speech-to-text}},
	year = {},
	note = {Accessed 22-Jan-2022},
}

 @misc{deepspeech-mozilla,
	author = {Mozilla},
	title = {DeepSpeech : Speech-To-Text engine},
	howpublished = {\url{https://github.com/mozilla/DeepSpeech}},
	year = {},
	note = {Accessed 21-Jan-2022},
}https://ai.facebook.com/tools/wav2letter/
 @misc{wav2letter,
	author = {Wav2letter},
	title = {Wav2letter: Facebook Speech to Text},
	howpublished = {\url{https://ai.facebook.com/tools/wav2letter/}},
	year = {},
	note = {Accessed 21-Jan-2022},
}https://spacy.io/
@misc{spacy,
	author = {spaCy},
	title = {spaCy: Industrial Level Natural Language Proceessing},
	howpublished = {\url{https://spacy.io/}},
	year = {},
	note = {Accessed 23-Jan-2022},
}
@article{devlin2018bert,
  title={Bert: Pre-training of deep bidirectional transformers for language understanding},
  author={Devlin, Jacob and Chang, Ming-Wei and Lee, Kenton and Toutanova, Kristina},
  journal={arXiv preprint arXiv:1810.04805},
  year={2018}
}
@inproceedings{zhang2020pegasus,
  title={Pegasus: Pre-training with extracted gap-sentences for abstractive summarization},
  author={Zhang, Jingqing and Zhao, Yao and Saleh, Mohammad and Liu, Peter},
  booktitle={International Conference on Machine Learning},
  pages={11328--11339},
  year={2020},
  organization={PMLR}
}
https://huggingface.co/
@misc{huggingface,
	author = {Hugging Face},
	title = {Hugging Face},
	howpublished = {\url{https://huggingface.co/}},
	year = {},
	note = {Accessed 22-Jan-2022},
}
@inproceedings{leow2020development,
  title={Development of a low-latency and real-time automatic speech recognition system},
  author={Leow, Chee Siang and Hayakawa, Tomoaki and Nishizaki, Hiromitsu and Kitaoka, Norihide},
  booktitle={2020 IEEE 9th Global Conference on Consumer Electronics (GCCE)},
  pages={925--928},
  year={2020},
  organization={IEEE}
}
@inproceedings{povey2011kaldi,
  title={The Kaldi speech recognition toolkit},
  author={Povey, Daniel and Ghoshal, Arnab and Boulianne, Gilles and Burget, Lukas and Glembek, Ondrej and Goel, Nagendra and Hannemann, Mirko and Motlicek, Petr and Qian, Yanmin and Schwarz, Petr and others},
  booktitle={IEEE 2011 workshop on automatic speech recognition and understanding},
  number={CONF},
  year={2011},
  organization={IEEE Signal Processing Society}
}
@article{sudarsan2019voice,
  title={Voice call analytics using natural language processing},
  author={Sudarsan, V and Kumar, Govind},
  journal={Int. J. Stat. Appl. Math},
  volume={4},
  pages={133--136},
  year={2019}
}
@inproceedings{soton419608,
       booktitle = {International Conference on Education and New Developments (23/06/18 - 25/06/18)},
           title = {Using Speech Recognition Transcription to enhance learning from lecture recordings},
          author = {Michael Wald},
            year = {2018},
           pages = {111--115},
             url = {https://eprints.soton.ac.uk/419608/}
}
@inproceedings{xu2019lecture2note,
  title={Lecture2Note: Automatic Generation of Lecture Notes from Slide-Based Educational Videos},
  author={Xu, Chengpei and Wang, Ruomei and Lin, Shujin and Luo, Xiaonan and Zhao, Baoquan and Shao, Lijie and Hu, Mengqiu},
  booktitle={2019 IEEE International Conference on Multimedia and Expo (ICME)},
  pages={898--903},
  year={2019},
  organization={IEEE}
}
@article{sariki2019adroit,
  title={An adroit approach for extractive text summarization},
  author={Sariki, Tulasi Prasad and Kumar, G Bharadwaja and Shukla, Utkarsh and Mishra, Ayush},
  journal={Int J Eng Adv Technol (IJEAT)},
  volume={8},
  number={5},
  year={2019}
}
@inproceedings{kusner2015word,
  title={From word embeddings to document distances},
  author={Kusner, Matt and Sun, Yu and Kolkin, Nicholas and Weinberger, Kilian},
  booktitle={International conference on machine learning},
  pages={957--966},
  year={2015},
  organization={PMLR}
}
@inproceedings{lin2004rouge,
  title={Rouge: A package for automatic evaluation of summaries},
  author={Lin, Chin-Yew},
  booktitle={Text summarization branches out},
  pages={74--81},
  year={2004}
}
@article{miller2019leveraging,
  title={Leveraging BERT for extractive text summarization on lectures},
  author={Miller, Derek},
  journal={arXiv preprint arXiv:1906.04165},
  year={2019}
}

@inproceedings{zhang2020pegasus,
  title={Pegasus: Pre-training with extracted gap-sentences for abstractive summarization},
  author={Zhang, Jingqing and Zhao, Yao and Saleh, Mohammad and Liu, Peter},
  booktitle={International Conference on Machine Learning},
  pages={11328--11339},
  year={2020},
  organization={PMLR}
}
@article{liu2019roberta,
  title={Roberta: A robustly optimized bert pretraining approach},
  author={Liu, Yinhan and Ott, Myle and Goyal, Naman and Du, Jingfei and Joshi, Mandar and Chen, Danqi and Levy, Omer and Lewis, Mike and Zettlemoyer, Luke and Stoyanov, Veselin},
  journal={arXiv preprint arXiv:1907.11692},
  year={2019}
}


