 @misc{a_2019,
 title={Basic arabic vocal emotions dataset (BAVED)},
 url={https://github.com/40uf411/Basic-Arabic-Vocal-Emotions-Dataset},
journal={GitHub.com},
publisher={GitHub.com},
author={A. Aouf},
year={2019},
month={Sep}}

@article{mohamed2021arabic,
  title={Arabic Speech Emotion Recognition Employing Wav2vec2. 0 and HuBERT Based on BAVED Dataset},
  author={Mohamed, Omar and Aly, Salah A},
  journal={arXiv preprint arXiv:2110.04425},
  year={2021}
}
@misc{el-geish_2021,
title={Wav2Vec2-Large-XLSR-53-Arabic Hugging Face},
url={https://huggingface.co/elgeish/wav2vec2-large-xlsr-53-arabic},
author={El-Geish, Mohamed},
year={2021},
lastchecked = {09.02.2022}}
@article{noroozi2017audio,
  title={Audio-visual emotion recognition in video clips},
  author={Noroozi, Fatemeh and Marjanovic, Marina and Njegus, Angelina and Escalera, Sergio and Anbarjafari, Gholamreza},
  journal={IEEE Transactions on Affective Computing},
  volume={10},
  number={1},
  pages={60--75},
  year={2017},
  publisher={IEEE}
}
@inproceedings{bandela2017stressed,
  title={Stressed speech emotion recognition using feature fusion of teager energy operator and MFCC},
  author={Bandela, Surekha Reddy and Kumar, T Kishore},
  booktitle={2017 8th International Conference on Computing, Communication and Networking Technologies (ICCCNT)},
  pages={1--5},
  year={2017},
  organization={IEEE}
}


@article{erol2019toward,
  title={Toward artificial emotional intelligence for cooperative social human--machine interaction},
  author={Erol, Berat A and Majumdar, Abhijit and Benavidez, Patrick and Rad, Paul and Choo, Kim-Kwang Raymond and Jamshidi, Mo},
  journal={IEEE Transactions on Computational Social Systems},
  volume={7},
  number={1},
  pages={234--246},
  year={2019},
  publisher={IEEE}
}
@article{sun2020language,
  title={The language of well-being: Tracking fluctuations in emotion experience through everyday speech.},
  author={Sun, Jessie and Schwartz, H Andrew and Son, Youngseo and Kern, Margaret L and Vazire, Simine},
  journal={Journal of Personality and Social Psychology},
  volume={118},
  number={2},
  pages={364},
  year={2020},
  publisher={American Psychological Association}
}
  @Manual{singal,
    title = {{signal}: Signal processing},
    author = {{Signal developers}},
    year = {2014},
    url = {http://r-forge.r-project.org/projects/signal/},
  }
  @article{pal2005random,
  title={Random forest classifier for remote sensing classification},
  author={Pal, Mahesh},
  journal={International journal of remote sensing},
  volume={26},
  number={1},
  pages={217--222},
  year={2005},
  publisher={Taylor \& Francis}
}
@article{abuzeina2018employing,
  title={Employing fisher discriminant analysis for Arabic text classification},
  author={AbuZeina, Dia and Al-Anzi, Fawaz S},
  journal={Computers \& Electrical Engineering},
  volume={66},
  pages={474--486},
  year={2018},
  publisher={Elsevier}
}

@misc{random_forest2021,
title={Random Forest | Introduction to Random Forest Algorithm},
url={https://www.analyticsvidhya.com/blog/2021/06/understanding-random-forest/},
journal={Analytics Vidhya},
author={E R, Shruthi},
year={2021}
}
  @Manual{tune_r,
    title = {{tuneR}: Analysis of Music and Speech},
    author = {Uwe Ligges and Sebastian Krey and Olaf Mersmann and Sarah Schnackenberg},
    year = {2018},
    url = {https://CRAN.R-project.org/package=tuneR},
  }
  @Manual{wrassp_r,
    title = {wrassp: an R wrapper to the ASSP Library},
    author = {Lasse Bombien and Raphael Winkelmann and Michel Scheffers},
    year = {2021},
    note = {R package version 1.0.1},
  }
@article{tsuji2021contact,
  title={Contact feature recognition based on MFCC of force signals},
  author={Tsuji, Toshiaki and Sato, Koyo and Sakaino, Sho},
  journal={IEEE Robotics and Automation Letters},
  volume={6},
  number={3},
  pages={5153--5158},
  year={2021},
  publisher={IEEE}
}
@incollection{paul2021bengali,
  title={Bengali spoken numerals recognition by MFCC and GMM technique},
  author={Paul, Bachchu and Bera, Somnath and Paul, Rakesh and Phadikar, Santanu},
  booktitle={Advances in Electronics, Communication and Computing},
  pages={85--96},
  year={2021},
  publisher={Springer}
}
@article{ancilin2021improved,
  title={Improved speech emotion recognition with Mel frequency magnitude coefficient},
  author={Ancilin, J and Milton, A},
  journal={Applied Acoustics},
  volume={179},
  pages={108046},
  year={2021},
  publisher={Elsevier}
}
@inproceedings{palo2021effect,
  title={Effect of Feature Dimension on Classification of Speech Emotions},
  author={Palo, Hemanta Kumar and Pattanaik, Niharika and Mohanty, Bibhu Prasad and Mishra, Laxmi Prasad},
  booktitle={2021 1st Odisha International Conference on Electrical Power Engineering, Communication and Computing Technology (ODICON)},
  pages={1--5},
  year={2021},
  organization={IEEE}
}

@inproceedings{ragot2017emotion,
  title={Emotion recognition using physiological signals: laboratory vs. wearable sensors},
  author={Ragot, Martin and Martin, Nicolas and Em, Sonia and Pallamin, Nico and Diverrez, Jean-Marc},
  booktitle={International Conference on Applied Human Factors and Ergonomics},
  pages={15--22},
  year={2017},
  organization={Springer}
}
@inproceedings{han2020ordinal,
  title={Ordinal learning for emotion recognition in customer service calls},
  author={Han, Wenjing and Jiang, Tao and Li, Yan and Schuller, Bj{\"o}rn and Ruan, Huabin},
  booktitle={ICASSP 2020-2020 IEEE International Conference on Acoustics, Speech and Signal Processing (ICASSP)},
  pages={6494--6498},
  year={2020},
  organization={IEEE}
}
@article{hoemann2020developing,
  title={Developing an understanding of emotion categories: Lessons from objects},
  author={Hoemann, Katie and Wu, Rachel and LoBue, Vanessa and Oakes, Lisa M and Xu, Fei and Barrett, Lisa Feldman},
  journal={Trends in Cognitive Sciences},
  volume={24},
  number={1},
  pages={39--51},
  year={2020},
  publisher={Elsevier}
}
